/Users/toine/Work/Writing/Bibliography/apropos.bib